<record><leader>00000cas a22000007a 4500</leader><controlfield tag="001">16570432</controlfield><controlfield tag="008">870827d19431967pauwr ne      0    0eng d</controlfield><datafield ind1=" " ind2=" " tag="010"><subfield code="a">sn 88080958 </subfield></datafield><datafield ind1=" " ind2=" " tag="040"><subfield code="a">NPH</subfield><subfield code="b">eng</subfield><subfield code="c">NPH</subfield><subfield code="d">OCLCQ</subfield></datafield><datafield ind1=" " ind2=" " tag="042"><subfield code="a">msc</subfield></datafield><datafield ind1="0" ind2="0" tag="245"><subfield code="a">Central news Sellersville herald.</subfield></datafield><datafield ind1="1" ind2="7" tag="246"><subfield code="a">Central news herald</subfield></datafield><datafield ind1="3" ind2="0" tag="246"><subfield code="a">Perkasie central news and the Sellersville herald</subfield></datafield><datafield ind1=" " ind2=" " tag="260"><subfield code="a">Perkasie, Pa. :</subfield><subfield code="b">Charles W. Baum &amp; Elmer B. Althouse,</subfield><subfield code="c">1943-1967.</subfield></datafield><datafield ind1=" " ind2=" " tag="300"><subfield code="a">v. :</subfield><subfield code="b">ill. ;</subfield><subfield code="c">57-60 cm.</subfield></datafield><datafield ind1=" " ind2=" " tag="310"><subfield code="a">Weekly</subfield></datafield><datafield ind1="0" ind2=" " tag="362"><subfield code="a">Vol. 62, no. 3258 (Nov. 4, 1943)- ; -87th yr., no. 4494 (July 13, 1967).</subfield></datafield><datafield ind1=" " ind2=" " tag="500"><subfield code="a">Publisher: Charles W. Baum, &lt;1945&gt;.</subfield></datafield><datafield ind1=" " ind2=" " tag="752"><subfield code="a">United States</subfield><subfield code="b">Pennsylvania</subfield><subfield code="c">Bucks</subfield><subfield code="d">Perkasie.</subfield></datafield><datafield ind1="0" ind2="4" tag="780"><subfield code="t">Sellersville herald</subfield><subfield code="w">(DLC)sn 89077273</subfield></datafield><datafield ind1="0" ind2="4" tag="780"><subfield code="t">Central news (Perkasie, Pa.)</subfield><subfield code="w">(DLC)sn 89077272</subfield></datafield><datafield ind1="0" ind2="0" tag="785"><subfield code="t">News-herald (Perkasie, Pa.)</subfield><subfield code="w">(DLC)sn 89077274</subfield></datafield></record>